<record><leader>00000cas a22000007a 4500</leader><controlfield tag="001">39336430</controlfield><controlfield tag="008">980623d194619uuncuwr ne      0    0eng d</controlfield><datafield ind1=" " ind2=" " tag="010"><subfield code="a">sn 98058825 </subfield></datafield><datafield ind1=" " ind2=" " tag="040"><subfield code="a">NVJ</subfield><subfield code="b">eng</subfield><subfield code="c">NVJ</subfield><subfield code="d">OCLCQ</subfield></datafield><datafield ind1=" " ind2=" " tag="042"><subfield code="a">msc</subfield></datafield><datafield ind1="0" ind2=" " tag="130"><subfield code="a">Randolphian (Randleman, N.C.)</subfield></datafield><datafield ind1="1" ind2="4" tag="245"><subfield code="a">The Randolphian.</subfield></datafield><datafield ind1=" " ind2=" " tag="260"><subfield code="a">Randleman, N.C. :</subfield><subfield code="b">A. Fleming Bell</subfield></datafield><datafield ind1=" " ind2=" " tag="300"><subfield code="a">v.</subfield></datafield><datafield ind1=" " ind2=" " tag="310"><subfield code="a">Weekly</subfield></datafield><datafield ind1="1" ind2=" " tag="362"><subfield code="a">Began in 1946.</subfield></datafield><datafield ind1=" " ind2=" " tag="580"><subfield code="a">Issued with: Liberty News (Randleman, N.C. : 1948), &lt;Nov. 11, 1948-Jan. 20, 1949&gt;.</subfield></datafield><datafield ind1=" " ind2=" " tag="588"><subfield code="a">Description based on: Vol. 2, no. 28 (Apr. 1, 1948).</subfield></datafield><datafield ind1=" " ind2=" " tag="752"><subfield code="a">United States</subfield><subfield code="b">North Carolina</subfield><subfield code="c">Randolph</subfield><subfield code="d">Randleman.</subfield></datafield><datafield ind1="1" ind2=" " tag="777"><subfield code="t">Liberty news (Randleman, N.C.)</subfield><subfield code="w">(DLC)sn 98058826</subfield></datafield></record>